@ARTICLE{2016arXiv160808666V,
   author = {{Vieira}, R. and {Wilkinson}, D.~J.},
    title = "{Online state and parameter estimation in Dynamic Generalised Linear Models}",
  journal = {ArXiv e-prints},
archivePrefix = "arXiv",
   eprint = {1608.08666},
 primaryClass = "stat.CO",
 keywords = {Statistics - Computation},
     year = 2016,
    month = aug,
   adsurl = {http://adsabs.harvard.edu/abs/2016arXiv160808666V},
  adsnote = {Provided by the SAO/NASA Astrophysics Data System}
}
